@InProceedings{10.1007/978-3-319-69926-4_22,
author="Noll, John
and Razzak, Mohammad Abdur
and Bass, Julian M.
and Beecham, Sarah",
editor="Felderer, Michael
and M{\'e}ndez Fern{\'a}ndez, Daniel
and Turhan, Burak
and Kalinowski, Marcos
and Sarro, Federica
and Winkler, Dietmar",
title="A Study of the Scrum Master's Role",
booktitle="Product-Focused Software Process Improvement",
year="2017",
publisher="Springer International Publishing",
address="Cham",
pages="307--323",
abstract="Scrum is an increasingly common approach to software development adopted by organizations around the world. However, as organizations transition from traditional plan-driven development to agile development with Scrum, the question arises as to which Scrum role (Product Owner, Scrum Master, or Scrum Team Member) corresponds to a Project Manager, or conversely which Scrum role should the Project Managers adopt?",
isbn="978-3-319-69926-4"
}

